@misc{cathode,
  title = {Preliminary communications on electric discharges in rarefied gases},
      pages          = "286",
      year           = "1876",
  howpublished = {Monatsberichte der Königlich Preussischen Akademie der Wissenschaften zu Berlin},
}

@TECHREPORT{CMS-PAS-B2G-15-002,
      AUTHOR      = "{CMS Collaboration}",
      COLLABORATION = "CMS",
      TITLE       = "Search for $t\overline{t}$ resonances in boosted semileptonic final states in pp collisions at $\sqrt{s}=13$ TeV",
      URL         = "http://cds.cern.ch/record/2138345",
      TYPE        = "CMS Physics Analysis Summary",
      NUMBER      = "CMS-PAS-B2G-15-002",
      YEAR        = "2015"
}

@Article{PDG-2014,
 author        = "K.A. Olive and others",
 collaboration = "Particle Data Group",
 title         = "Review of Particle Physics",
 journal       = "Chin.Phys.",
 volume        = "C38",
 pages         = "090001",
 year          = "2014",
 doi           = "10.1088/1674-1137/38/9/090001",
}

@article{PhysRevD.88.094010,
  title = {Handbook of vectorlike quarks: Mixing and single production},
  author = {Aguilar-Saavedra, J. A. and Benbrik, R. and Heinemeyer, S. and P\'erez-Victoria, M.},
  journal = {Phys. Rev. D},
  volume = {88},
  issue = {9},
  pages = {094010},
  numpages = {18},
  year = {2013},
  month = {Nov},
  publisher = {American Physical Society},
  doi = {10.1103/PhysRevD.88.094010},
  url = {http://link.aps.org/doi/10.1103/PhysRevD.88.094010}
}


@misc{lhcbrochure,
  title = {LHC the guide},
  howpublished = {http://cds.cern.ch/record/1092437/files/CERN-Brochure-2008-001-Eng.pdf},
}

@Article{Klein1926,
author="Klein, Oskar",
title="Quantentheorie und f{\"u}nfdimensionale Relativit{\"a}tstheorie",
journal="Zeitschrift f{\"u}r Physik",
year="1926",
volume="37",
number="12",
pages="895--906",
issn="0044-3328",
doi="10.1007/BF01397481",
url="http://dx.doi.org/10.1007/BF01397481"
}

@Article{Kaluza,
author="Kaluza, Theodor",
title="Zum Unitätsproblem in der Physik",
journal="Sitzungsber. Preuss. Akad. Wiss. ",
year="1921",
volume="Juli-Dec 1921",
pages="966--972",
}

@article{PhysRevD.12.508,
  title = {Vacuum symmetry and the pseudo-Goldstone phenomenon},
  author = {Georgi, Howard and Pais, A.},
  journal = {Phys. Rev. D},
  volume = {12},
  issue = {2},
  pages = {508--512},
  numpages = {0},
  year = {1975},
  month = {Jul},
  publisher = {American Physical Society},
  doi = {10.1103/PhysRevD.12.508},
  url = {http://link.aps.org/doi/10.1103/PhysRevD.12.508}
}

@article{PhysRevLett.29.1698,
  title = {Approximate Symmetries and Pseudo-Goldstone Bosons},
  author = {Weinberg, Steven},
  journal = {Phys. Rev. Lett.},
  volume = {29},
  issue = {25},
  pages = {1698--1701},
  numpages = {0},
  year = {1972},
  month = {Dec},
  publisher = {American Physical Society},
  doi = {10.1103/PhysRevLett.29.1698},
  url = {http://link.aps.org/doi/10.1103/PhysRevLett.29.1698}
}


@article{ArkaniHamed2001232,
title = "Electroweak symmetry breaking from dimensional deconstruction ",
journal = "Physics Letters B ",
volume = "513",
number = "1â€“2",
pages = "232 - 240",
year = "2001",
note = "",
issn = "0370-2693",
doi = "http://dx.doi.org/10.1016/S0370-2693(01)00741-9",
url = "http://www.sciencedirect.com/science/article/pii/S0370269301007419",
author = "Nima Arkani-Hamed and Andrew G. Cohen and Howard Georgi"
}



@article{WITTEN1981412,
title = "Search for a realistic Kaluza-Klein theory",
journal = "Nuclear Physics B",
volume = "186",
number = "3",
pages = "412 - 428",
year = "1981",
note = "",
issn = "0550-3213",
doi = "http://dx.doi.org/10.1016/0550-3213(81)90021-3",
url = "http://www.sciencedirect.com/science/article/pii/0550321381900213",
author = "Edward Witten",

}

@book{Bayatian:922757,
      author    = "Chatrchyan, S. and others",
      title         = "{CMS Physics: Technical Design Report Volume 1: Detector
                       Performance and Software}",
      publisher     = "CERN",
      collaboration = "CMS Collaboration",
      address       = "Geneva",
      series        = "Technical Design Report CMS",
      year          = "2006",
      note          = "There is an error on cover due to a technical problem for
                       some items",
}

@TECHREPORT{CMS-PAS-PFT-09-001,
      AUTHOR      = "{CMS Collaboration}",
      COLLABORATION = "CMS",
      TITLE       = "Particle--Flow Event Reconstruction in {CMS} and Performance for Jets, Taus, and {\MET}",
      URL         = "http://cdsweb.cern.ch/record/1194487",
      TYPE        = "CMS Physics Analysis Summary",
      NUMBER      = "CMS-PAS-PFT-09-001",
      YEAR        = "2009"
}

@techreport{CMS-PAS-LUM-13-001,
      title         = "{CMS Luminosity Based on Pixel Cluster Counting - Summer
                       2013 Update}",
      institution   = "CERN",
      collaboration = "CMS",
      address       = "Geneva",
      number        = "CMS-PAS-LUM-13-001",
      year          = "2013",
}
@article{Thaler:2010tr,
      author         = "Thaler, Jesse and Van Tilburg, Ken",
      title          = "{Identifying Boosted Objects with N-subjettiness}",
      journal        = "JHEP",
      volume         = "1103",
      pages          = "015",
      doi            = "10.1007/JHEP03(2011)015",
      year           = "2011",
      eprint         = "1011.2268",
      archivePrefix  = "arXiv",
      primaryClass   = "hep-ph",
      reportNumber   = "MIT-CTP-4191",
      SLACcitation   = "%%CITATION = ARXIV:1011.2268;%%",
}


@article{Larkoski:2014wba,
      author         = "Larkoski, Andrew J. and Marzani, Simone and Soyez,
                        Gregory and Thaler, Jesse",
      title          = "{Soft Drop}",
      journal        = "JHEP",
      volume         = "05",
      year           = "2014",
      pages          = "146",
      doi            = "10.1007/JHEP05(2014)146",
      eprint         = "1402.2657",
      archivePrefix  = "arXiv",
      primaryClass   = "hep-ph",
      reportNumber   = "MIT-CTP-4531, DCPT-14-24, IPPP-14-12",
      SLACcitation   = "%%CITATION = ARXIV:1402.2657;%%"
}

@article{Thaler:2011gf,
      author         = "Thaler, Jesse and Van Tilburg, Ken",
      title          = "{Maximizing Boosted Top Identification by Minimizing
                        N-subjettiness}",
      journal        = "JHEP",
      volume         = "1202",
      pages          = "093",
      doi            = "10.1007/JHEP02(2012)093",
      year           = "2012",
      eprint         = "1108.2701",
      archivePrefix  = "arXiv",
      primaryClass   = "hep-ph",
      reportNumber   = "MIT-CTP-4287",
      SLACcitation   = "%%CITATION = ARXIV:1108.2701;%%",
}

@article{Bourilkov:2006cj,
      author         = "Bourilkov, D and Group, R C and Whalley, M R",
      title          = "{LHAPDF: PDF use from the Tevatron to the LHC}",
      year           = "2006",
      eprint         = "hep-ph/0605240",
      archivePrefix  = "arXiv",
      primaryClass   = "hep-ph",
      SLACcitation   = "%%CITATION = HEP-PH/0605240;%%",
}

@article{Ball:2014uwa,
      author         = "Ball, Richard D. and others",
      title          = "{Parton distributions for the LHC Run II}",
      collaboration  = "NNPDF",
      journal        = "JHEP",
      volume         = "04",
      year           = "2015",
      pages          = "040",
      doi            = "10.1007/JHEP04(2015)040",
      eprint         = "1410.8849",
      archivePrefix  = "arXiv",
      primaryClass   = "hep-ph",
      reportNumber   = "EDINBURGH-2014-15, IFUM-1034-FT, CERN-PH-TH-2013-253,
                        OUTP-14-11P, CAVENDISH-HEP-14-11",
      SLACcitation   = "%%CITATION = ARXIV:1410.8849;%%"
}


@ARTICLE{madgraph,
     author    = "Alwall, Johan and others",
     title     = "{MadGraph/MadEvent v4: The New Web Generation}",
     journal   = "JHEP",
     volume    = "09",
     year      = "2007",
     pages     = "028",
     eprint    = "0706.2334",
     archivePrefix = "arXiv",
     primaryClass  =  "hep-ph",
     doi       = "10.1088/1126-6708/2007/09/028",
     SLACcitation  = "%%CITATION = 0706.2334;%%"
}

@TECHREPORT{theta,
      author       = "Muller, Thomas and Ott, Jochen and Wagner-Kuhr, Jeannine",
      title        = "theta - a framework for template-based modeling and
                      inference",
      TYPE = "CMS Internal Note",
      NUMBER = "2010/017",
	year         = "2010",
}

@Article{Sjostrand:2006za,
      author         = "Sj{\"o}strand, Torbj{\"o}rn and Mrenna, Stephen and Skands, Peter",
      title          = "{PYTHIA} 6.4 physics and manual",
      journal        = "JHEP",
      volume         = "05",
      pages          = "026",
      doi            = "10.1088/1126-6708/2006/05/026",
      year           = "2006",
      eprint         = "hep-ph/0603175",
      archivePrefix  = "arXiv",
      primaryClass   = "hep-ph",
      reportNumber   = "FERMILAB-PUB-06-052-CD-T, LU-TP-06-13",
      SLACcitation   = "%%CITATION = HEP-PH/0603175;%%",
}

@article{Vigna,
  title = {New ${W}^{\ensuremath{'}}$ signals at the LHC},
  author = {Vignaroli, Natascia},
  journal = {Phys. Rev. D},
  volume = {89},
  issue = {9},
  pages = {095027},
  numpages = {18},
  year = {2014},
  month = {May},
  publisher = {American Physical Society},
  doi = {10.1103/PhysRevD.89.095027},
  url = {http://link.aps.org/doi/10.1103/PhysRevD.89.095027}
}

@Article{vigna2,
author="Bini, Cesare
and Contino, Roberto
and Vignaroli, Natascia",
title="Heavy-light decay topologies as a new strategy to discover a heavy gluon",
journal="Journal of High Energy Physics",
year="2012",
volume="2012",
number="1",
pages="1--36",         .",
issn="1029-8479",
doi="10.1007/JHEP01(2012)157",
url="http://dx.doi.org/10.1007/JHEP01(2012)157"
}


@Article{Cacciari:2008gp,
     AUTHOR    = "Cacciari, Matteo and Salam, Gavin P. and Soyez, Gregory",
     TITLE     = "The anti-$k_t$ jet clustering algorithm",
     JOURNAL   = "JHEP",
     VOLUME    = "04",
     YEAR      = "2008",
     PAGES     = "063",
     doi       = "10.1088/1126-6708/2008/04/063",
     eprint         = "0802.1189",
     archivePrefix  = "arXiv",
     primaryClass   = "hep-ex",
}

@misc{muonpog,
  author = "{CMS Muon POG}",
  title = "{Reference muon id and isolation efficiencies}",
  year = "2015",
  howpublished = "https://twiki.cern.ch/twiki/bin/viewauth/CMS/MuonReferenceEffsRun2"
}

@misc{SMTable,
  author = "{CERN}",
  title = "{GO ON A PARTICLE QUEST AT THE FIRST CERN WEBFEST}",
  year = "2012",
  howpublished = "https://cds.cern.ch/journal/CERNBulletin/2012/35/News\%20Articles/1473657"
}

@misc{CMS:JetBTagging,
    author = "{CMS Collaboration}",
    title  = "https://twiki.cern.ch/twiki/bin/viewauth/CMS/BtagRecommendation",
    url    = "https://twiki.cern.ch/twiki/bin/viewauth/CMS/BtagRecommendation",
    howpublished = "CERN TWiki"
}

@misc{CMS:JetBTaggingSF,
    author = "{CMS Collaboration}",
    title  = "https://twiki.cern.ch/twiki/bin/viewauth/CMS/BtagRecommendation76X",
    url    = "https://twiki.cern.ch/twiki/bin/viewauth/CMS/BtagRecommendation76X",
    howpublished = "CERN TWiki"
}

@misc{CMS:LeptonMINIISO,
    author = "{CMS Collaboration}",
    title  = "https://twiki.cern.ch/twiki/bin/view/CMS/MiniIsolationSUSY",
    url    = "https://twiki.cern.ch/twiki/bin/view/CMS/MiniIsolationSUSY",
    howpublished = "CERN TWiki"
}
@article{Rehermann:2010vq,
      author         = "Rehermann, Keith and Tweedie, Brock",
      title          = "{Efficient Identification of Boosted Semileptonic Top
                        Quarks at the LHC}",
      journal        = "JHEP",
      volume         = "1103",
      pages          = "059",
      doi            = "10.1007/JHEP03(2011)059",
      year           = "2011",
      eprint         = "1007.2221",
      archivePrefix  = "arXiv",
      primaryClass   = "hep-ph",
      SLACcitation   = "%%CITATION = ARXIV:1007.2221;%%",
}

@misc{CMS:ElecID,
    author = "{CMS Collaboration}",
    title  = "https://twiki.cern.ch/twiki/bin/view/CMS/EgammaIDRecipesRun2",
    url    = "https://twiki.cern.ch/twiki/bin/view/CMS/EgammaIDRecipesRun2",
    howpublished = "CERN TWiki"
}

@misc{CMS:ElecIDCutBased,
    author = "{CMS Collaboration}",
    title  = "https://twiki.cern.ch/twiki/bin/view/CMS/CutBasedElectronIdentificationRun2",
    url    = "https://twiki.cern.ch/twiki/bin/view/CMS/CutBasedElectronIdentificationRun2",
    howpublished = "CERN TWiki"
}

@misc{CMS:JEC,
    author = "{CMS Collaboration}",
    title  = "Jet energy corrections, https://twiki.cern.ch/twiki/bin/view/CMSPublic/WorkBookJetEnergyCorrections",
    url    = "https://twiki.cern.ch/twiki/bin/view/CMSPublic/WorkBookJetEnergyCorrections",
    howpublished = "CERN TWiki"
}

@misc{CMS:JECUnc,
    author = "{CMS Collaboration}",
    title  = "Jet energy corrections uncertainty, https://twiki.cern.ch/twiki/bin/viewauth/CMS/JECUncertaintySources",
    url    = "https://twiki.cern.ch/twiki/bin/viewauth/CMS/JECUncertaintySources",
    howpublished = "CERN TWiki"
}

@misc{CMS:JERWeight,
    author = "{CMS Collaboration}",
    title  = "Jet energy resolution, https://twiki.cern.ch/twiki/bin/viewauth/CMS/JetResolution",
    url    = "https://twiki.cern.ch/twiki/bin/viewauth/CMS/JetResolution",
    howpublished = "CERN TWiki"
}

@misc{CMS:MuonEFF,
    author = "{CMS Collaboration}",
    title  = "https://twiki.cern.ch/twiki/bin/viewauth/CMS/MuonReferenceEffsRun2",
    url    = "https://twiki.cern.ch/twiki/bin/viewauth/CMS/MuonReferenceEffsRun2",
    howpublished = "CERN TWiki"
}

@misc{CMS:SUSLeptonSF,
    author = "{CMS Collaboration}",
    title  = "https://twiki.cern.ch/twiki/bin/viewauth/CMS/SUSLeptonSF",
    url    = "https://twiki.cern.ch/twiki/bin/viewauth/CMS/SUSLeptonSF",
    howpublished = "CERN TWiki"
}

@misc{CMS:PUWeight,
    author = "{CMS Collaboration}",
    title  = "Pileup systematic uncertainties, https://twiki.cern.ch/twiki/bin/viewauth/CMS/PileupSystematicErrors",
    url    = "https://twiki.cern.ch/twiki/bin/viewauth/CMS/PileupSystematicErrors",
    howpublished = "CERN TWiki"
}

@misc{CMS:Lumi,
    author = "{CMS Collaboration}",
    title  = "https://twiki.cern.ch/twiki/bin/view/CMS/TWikiLUM",
    url    = "https://twiki.cern.ch/twiki/bin/view/CMS/TWikiLUM",
    howpublished = "CERN TWiki"
}
